@incollection{Chisholm,
	title        = {WRITING ACKNOWLEDGEMENTS:  Saying “Thank You”},
	author       = {Chisholm, Jane},
	booktitle    = {CETL 8723:  Writing for International Graduate Students},
	url          = {https://esl.gatech.edu/sites/default/files/LI/li-how_to_write_acknowledgements_in_a_dissertation.pdf},
	organization = {Georgia Institute of Technology}
}
@online{gradschool_policies,
	title        = {Forms, Policies, and Procedures},
	author       = {{Augusta University's Graduate School}},
	year         = 2021,
	month        = 07,
	url          = {https://www.augusta.edu/gradschool/student-resources.php},
	urldate      = {2021-11-01}
}
@inproceedings{DBLP:journals/corr/Gluck13,
  author       = {Robert Gl{\"{u}}ck},
  editor       = {Anindya Banerjee and
                  Olivier Danvy and
                  Kyung{-}Goo Doh and
                  John Hatcliff},
  title        = {Simulation of Two-Way Pushdown Automata Revisited},
  booktitle    = {Semantics, Abstract Interpretation, and Reasoning about Programs:
                  Essays Dedicated to David A. Schmidt on the Occasion of his Sixtieth
                  Birthday, Manhattan, Kansas, USA, 19-20th September 2013},
  series       = {{EPTCS}},
  volume       = {129},
  pages        = {250--258},
  year         = {2013},
  doi          = {10.4204/EPTCS.129.15},
  bibsource    = {dblp computer science bibliography, https://dblp.org}
}

